@article{ronen,
author = {Feldman, Ronen},
title = {Techniques and Applications for Sentiment Analysis},
year = {2013},
issue_date = {April 2013},
publisher = {Association for Computing Machinery},
address = {New York, NY, USA},
volume = {56},
number = {4},
issn = {0001-0782},
url = {https://doi.org/10.1145/2436256.2436274},
doi = {10.1145/2436256.2436274},
abstract = {The main applications and challenges of one of the hottest research areas in computer science.},
journal = {Commun. ACM},
month = apr,
pages = {82â€“89},
numpages = {8}
}

@article{bing,
	author = {Liu, Bing},
	year = {2010},
	month = {01},
	pages = {},
	title = {Sentiment analysis and subjectivity}
}

@misc{hamilton2016inducing,
	title={Inducing Domain-Specific Sentiment Lexicons from Unlabeled Corpora}, 
	author={William L. Hamilton and Kevin Clark and Jure Leskovec and Dan Jurafsky},
	year={2016},
	eprint={1606.02820},
	archivePrefix={arXiv},
	primaryClass={cs.CL}
}

@article{He_2016,
	title={Ups and Downs},
	ISBN={9781450341431},
	url={http://dx.doi.org/10.1145/2872427.2883037},
	DOI={10.1145/2872427.2883037},
	journal={Proceedings of the 25th International Conference on World Wide Web},
	publisher={International World Wide Web Conferences Steering Committee},
	author={He, Ruining and McAuley, Julian},
	year={2016},
	month={Apr}
}

@misc{mcauley2015imagebased,
	title={Image-based Recommendations on Styles and Substitutes}, 
	author={Julian McAuley and Christopher Targett and Qinfeng Shi and Anton van den Hengel},
	year={2015},
	eprint={1506.04757},
	archivePrefix={arXiv},
	primaryClass={cs.CV}
}